%% This BibTeX bibliography file was created using BibDesk.
%% http://bibdesk.sourceforge.net/

%% Created for Christian Che-Castaldo at 2016-07-27 13:03:53 -0500 


%% Saved with string encoding Unicode (UTF-8) 



@book{hobbs2015bayesian,
	Address = {Princeton, New Jersey, USA},
	Author = {Hobbs, N. Thompson  and Hooten, Mevin B.},
	Date-Added = {2016-07-27 17:51:16 +0000},
	Date-Modified = {2016-07-27 17:52:32 +0000},
	Publisher = {Princeton University Press},
	Title = {Bayesian models: A statistical primer for ecologists},
	Year = {2015}}

@incollection{Raftery_et_al1995,
	Address = {London, United Kingdom},
	Author = {Raftery, A. E. and Lewis, S. M.},
	Booktitle = {Practical Markov Chain Monte Carlo},
	Date-Added = {2016-07-27 14:50:08 +0000},
	Date-Modified = {2016-07-27 14:58:27 +0000},
	Editor = {Gilks, W. R. and Spiegelhalter, D. J. and Richardson, S.},
	Publisher = {Chapman and Hall},
	Title = {The number of iterations, convergence diagnostics and generic Metropolis algorithms},
	Year = {1995}}

@manual{R-Core-Team:2015fk,
	Address = {{Vienna, Austria}},
	Author = {{{R Development Core Team}}},
	Date-Added = {2016-07-27 14:49:50 +0000},
	Date-Modified = {2016-07-27 15:00:26 +0000},
	Organization = {{R Foundation for Statistical Computing}},
	Title = {R: A Language and Environment for Statistical Computing},
	Year = {2016},
	Bdsk-Url-1 = {https://www.R-project.org}}

@manual{plummer2016coda,
	Author = {Plummer, Martyn and Best, Nicky and Cowles, Kate and Vines, Karen and Bates, Douglas and Almond, Russell and Magnusson, Arni},
	Date-Added = {2016-07-27 14:49:34 +0000},
	Date-Modified = {2016-07-27 15:08:39 +0000},
	Title = {{coda: Output analysis and diagnostics for MCMC. R package version 0.18-1}},
	Year = {2016},
	Bdsk-Url-1 = {https://cran.r-project.org/web/packages/coda/coda.pdf}}

@manual{Plummer_mannual,
	Author = {Plummer, Martyn},
	Date-Added = {2016-07-27 14:49:34 +0000},
	Date-Modified = {2016-07-27 15:09:41 +0000},
	Title = {{JAGS Version 4.0.0 user manual}},
	Year = {2015},
	Bdsk-Url-1 = {https://sourceforge.net/projects/mcmc-jags/files/Manuals/4.x/jags_user_manual.pdf/download}}

@manual{plummer2016rjags,
	Author = {Plummer, Martyn and Stukalov, Alexey and Denwood, Matt},
	Date-Added = {2016-07-27 14:49:34 +0000},
	Date-Modified = {2016-07-27 15:08:17 +0000},
	Title = {{rjags: Bayesian graphical models using MCMC. R package version 4-6}},
	Year = {2016},
	Bdsk-Url-1 = {https://cran.r-project.org/web/packages/rjags/rjags.pdf}}

@book{McCarthy_Bayes_book,
	Address = {Cambridge, United Kingdom},
	Author = {McCarthy, Michael A.},
	Date-Added = {2016-07-27 14:48:28 +0000},
	Date-Modified = {2016-07-27 14:56:54 +0000},
	Pages = {295},
	Publisher = {Cambridge University Press},
	Title = {Bayesian methods for ecology},
	Year = {2007}}

@article{Link:2012ve,
	Author = {Link, William A. and Eaton, Mitchell J.},
	Date-Added = {2016-07-27 14:48:14 +0000},
	Date-Modified = {2016-07-27 15:11:04 +0000},
	Journal = {Methods in Ecology and Evolution},
	Number = {1},
	Pages = {112--115},
	Title = {On thinning of chains in {MCMC}},
	Volume = {3},
	Year = {2012},
	Bdsk-Url-1 = {http://dx.doi.org/10.1111/j.2041-210X.2011.00131.x}}

@article{Knops_Tilman,
	Author = {Knops, Johannes M. H. and Tilman, David},
	Date-Added = {2016-07-27 14:48:00 +0000},
	Date-Modified = {2016-07-27 15:11:04 +0000},
	Journal = {Ecology},
	Number = {1},
	Pages = {88--98},
	Title = {Dynamics of soil nitrogen and carbon accumulation for 61 years after agricultural abandonment},
	Volume = {81},
	Year = {2000},
	Bdsk-Url-1 = {http://dx.doi.org/10.1890/0012-9658(2000)081%5B0088:DOSNAC%5D2.0.CO;2}}

@article{Heidelberger_and_Welch,
	Author = {Heidelberger, Philip and Welch, Peter D.},
	Date-Added = {2016-07-27 14:47:43 +0000},
	Date-Modified = {2016-07-27 14:54:13 +0000},
	Journal = {Operations Research},
	Number = {6},
	Pages = {1109--1044},
	Title = {Simulation run length control in the presence of an initial transient},
	Volume = {31},
	Year = {1983},
	Bdsk-Url-1 = {http://dx.doi.org/10.1287/opre.31.6.1109}}

@article{Gelman_Rubin,
	Author = {Gelman, Andrew and Rubin, Donald B.},
	Date-Added = {2016-07-27 14:47:21 +0000},
	Date-Modified = {2016-07-27 14:53:13 +0000},
	Journal = {Statistical Science},
	Number = {4},
	Pages = {457--472},
	Title = {Inference from iterative simulation using multiple sequences},
	Volume = {7},
	Year = {1992},
	Bdsk-Url-1 = {http://www.jstor.org/stable/2246093}}
